@misc{POETRY:2023,
    title        = {Python packaging and dependency management made easy},
    author       = {S\'ebastien Eustace},
    year         = 2018,
    note         = {Accessed: (10/27/2023)},
    howpublished = {\url{https://python-poetry.org}},
}
